2724 4828
737 365 796 414 XVI

269 521 471 627 factorum,
492 546 583 620 quoe
599 521 804 609 traduntur,
819 540 952 592 natura
964 520 1049 590 duci
1065 545 1173 616 posse
1189 524 1249 596 vi*

184 645 188 648 ’
274 662 419 732 dentur.
470 666 548 732 Ista
574 674 722 731 externo
748 661 910 730 veritatis
935 658 1095 746 crimin,
1127 659 1247 754 equi-

246 797 340 868 ‹bus
374 799 515 870 testium
547 796 804 900 auctoritatem
837 793 1029 870 aestimare
1067 794 1245 878 solemus,

271 957 334 1003 seu
352 931 521 1024 historica
536 937 566 1000 1.
576 931 614 1004 A
632 932 774 1000 Ernesti
790 929 831 998 in
846 927 913 996 illa
928 928 1185 998 dissertatione
1200 929 1245 1002 de

259 1064 344 1168 fide
364 1061 533 1138 historica
555 1065 708 1158 copiose
735 1081 775 1153 et.
793 1065 989 1158 ,eleganter
1014 1060 1223 1134 enucleavit
1230 1090 1245 1148 ς

267 1201 357 1270 haec
380 1219 506 1272 autem
530 1205 674 1287 interna„
683 1200 850 1271 veritatis
876 1200 1041 1293 eniteris,
1079 1223 1170 1294 quae
1194 1222 1243 1268 ex

266 1360 392 1406 rerunt
430 1336 596 1428 ipsarum
633 1340 766 1402 natura
798 1353 834 1402 et
854 1335 1001 1419 indole,
1031 1359 1242 1428 earumque

160 1499 164 1516 ·
263 1466 530 1562 possibilitate,
559 1467 822 1556 probabilitate
837 1465 1002 1552 interna,
1031 1493 1123 1566 quae
1144 1493 1164 1537 a
1185 1487 1241 1536 te-

225 1695 227 1703 ‚
264 1599 443 1675 stimonio
469 1622 549 1670 non
573 1596 729 1690 pendet,
751 1615 829 1669 out·
846 1600 1006 1693 denique
1020 1605 1239 1675 necessitate

263 1759 306 1806 eo
335 1732 494 1804 consilio
518 1748 742 1814 sumuntur,
784 1747 828 1800 ut
854 1756 921 1822 per
944 1758 984 1802 ee
1001 1757 1239 1829 argumento.
1260 1819 1270 1828 ..

261 1892 347 1940 rum
368 1867 637 1938 historicorum
656 1863 866 1939 auctoritas
891 1867 952 1937 vel
980 1866 1235 1956 confirmetur,

261 2006 324 2077 vel
349 1999 599 2098 infringatur,
612 2099 615 2107 .
627 2024 719 2097 quae
733 2000 1061 2095 philosophicorum
1078 2005 1235 2074 nomine

259 2137 438 2240 veniunt,
474 2161 635 2234 quorum
661 2137 833 2232 cognitio
855 2138 1081 2234 exquisitior
1106 2141 1233 2234 magni

256 2275 548 2368 estgmonrenti,
582 2273 788 2348 accuratius
808 2275 849 2346 in
875 2277 943 2346 hac
960 2277 1043 2370 ipsa
1060 2275 1231 2365 disserta-⁴

150 2393 153 2399 .
195 2412 203 2432 ¹
249 2411 360 2516 'tione
369 2411 587 2505 exponenda
598 2411 815 2484 sibisumsit
830 2411 1092 2497 Grinbachios,
1111 2393 1229 2507 quum

254 2564 340 2615 ante
353 2572 440 2616 eum
448 2573 560 2617 nemo
569 2549 640 2617 hoc
652 2567 913 2643 argumentum
927 2549 1078 2642 copiose
1088 2550 1177 2618 satis
1186 2565 1224 2618 et

255 2697 432 2766 accurate,
443 2682 500 2750 uti
509 2682 624 2765 decet,
634 2699 836 2758 tractasset.
849 2690 1023 2756 Versatur
1034 2701 1158 2778 autem
1169 2701 1224 2756 est

253 2785 313 2888 vir
329 2813 567 2884 acutissimus
579 2838 690 2906 quam
707 2813 995 2907 diligentissime
1003 2820 1046 2887 in
1063 2837 1225 2889 tractan-

253 2948 300 3018 do
319 2965 356 3014 et
370 2945 622 3033 exhauriendo
633 2945 703 3016 hoc
718 2961 951 3040 argumento,
962 2964 1004 3014 ut
1023 2947 1111 3017 haec
1122 2974 1223 3020 com-
1264 2947 1267 2954 ’
1326 3021 1330 3038 ,

209 3080 215 3089 ”
250 3082 432 3154 mentatio
441 3093 528 3152 'non
552 3079 673 3174 possit
695 3101 786 3163 non,
813 3079 872 3147 uti
893 3079 1084 3172 historicis
1101 3083 1223 3160 omni·

248 3243 313 3304 no,
340 3218 393 3286 ita
411 3215 597 3311 theologis
611 3215 787 3309 inprimis
803 3217 966 3312 graviter
988 3219 1222 3288 commenda·

248 3355 300 3439 ri,
323 3330 461 3424 stum'
488 3352 530 3420 in
581 3351 770 3447 theologia
804 3350 1011 3446 dogmatica
1055 3354 1220 3446 philoso-
1312 3414 1320 3432 ,

245 3489 356 3600 phice
406 3486 620 3573 tractanda,
656 3503 740 3557 tum
772 3485 815 3554 in
855 3487 969 3558 omni*
997 3511 1035 3555 re
1078 3489 1218 3574 critica,

244 3603 329 3694 ium
351 3622 393 3691 in
422 3620 579 3726 historia
606 3620 852 3692 ecclesiastica
884 3646 904 3690 a
928 3619 1066 3693 fabulis
1089 3648 1217 3717 repur-
1327 3703 1329 3710 .

245 3751 383 3853 g'anda,
419 3773 502 3825 tum
518 3755 675 3851 denique
694 3758 847 3826 inrecte
868 3749 1072 3828 iudicandis
1090 3783 1221 3830 narra-

244 3881 414 3962 tionibus
431 3891 562 3984 inipso
573 3897 620 3961 N.
632 3897 675 3961 T.
690 3891 848 3961 traditis.
875 3893 1098 3988 Plerumque
1113 3895 1215 3964 enirn

244 4024 423 4120 theologi,
444 4026 550 4123 quasi
565 4051 604 4097 re
622 4026 714 4100 bene
732 4044 845 4124 gesta,
863 4026 1026 4125 sibiipsi
1043 4030 1216 4124 plaudere
