2724 4828
709 433 758 478 ΧΠ

241 588 335 671 dem,
351 587 493 658 virium
511 570 752 660 contentione
771 581 814 654 in
829 581 1044 658 meditando
1063 598 1100 654 et
1118 584 1209 672 scri·
1275 675 1276 678 Ἴ

240 722 361 798 hendo
378 721 629 792 interdiceret.

329 862 571 953 'Quapropter
606 857 717 931 etiam
752 872 877 946 nuno,
909 857 977 926 ubi
1003 856 1118 928 editio
1144 859 1212 925 ho-

236 1018 322 1068 rum
371 994 639 1086 opusculorum
685 993 827 1066 diutius
879 987 1021 1065 differri
1062 991 1239 1092 nequit,¹

237 1128 334 1202 mihi
366 1129 630 1214 abstinendum
658 1146 714 1202 est
744 1128 787 1202 ab
822 1128 1054 1203 elaborandis
1092 1126 1209 1222 proli-

236 1241 430 1350 xioribus,
458 1289 549 1360 quae
567 1243 830 1357 promiseram,
856 1264 1138 1349 additamentis,
1161 1287 1211 1332 no

235 1399 335 1470 vires
360 1424 379 1466 a
402 1397 519 1468 fracta
541 1383 756 1472 ualetudine
780 1400 876 1473 mihi
901 1401 1047 1472 relictas
1069 1398 1209 1471 scholis

234 1534 341 1614 meis,
370 1530 505 1622 quibus
524 1553 544 1594 a
558 1531 691 1599 multis
709 1531 815 1614 inde,
849 1534 970 1627 iisque
997 1537 1211 1630 plusquam

235 1664 492 1766 quadraginta,
517 1661 627 1734 annis
645 1662 772 1736 vivere
790 1667 911 1748 soleo,
948 1683 1086 1776 temere
1109 1692 1212 1762 prae·

88 1886 94 1895 .
161 1884 164 1890 ι
201 1823 216 1848 a
235 1801 390 1896 ripiam,
435 1821 503 1866 nec
541 1796 747 1866 editionem
777 1801 1139 1870 commentationum
1167 1803 1209 1871 'b.

242 1932 462 2010 Griesbuchii
478 1931 769 2020 academicorum
782 1933 885 2026 typis
900 1933 976 2006 iam
986 1934 1133 2012 dudum
1148 1959 1213 2006 ex·

235 2070 461 2162 scriptarum
499 2066 652 2161 longius
688 2067 879 2138 retineam.
943 2061 1073 2140 Misso'
1094 2071 1212 2165 igitur
1244 2075 1246 2078 ’

237 2213 397 2312 {scorteu
422 2203 503 2290 illo,
522 2207 731 2296 promisso,
771 2227 857 2276 cura
883 2228 963 2274 mea
987 2229 1089 2277 nuno
1111 2229 1212 2274 coer-

238 2333 363 2410 cenda
383 2355 439 2408 est
473 2337 755 2433 angustioribus
779 2338 1104 2414 describendarum
1129 2339 1210 2410 bre-

235 2475 335 2553 viter
354 2472 717 2546 commentationum
732 2472 899 2568 ipsarum
913 2474 1065 2560 finibus,
1076 2473 1218 2547 additis
1316 2471 1318 2479 ’

156 2667 166 2682 ,
236 2608 435 2682 nonnullis
452 2607 797 2693 observationibus,
816 2596 906 2704 quas
922 2611 1030 2706 aequi
1049 2611 1216 2705 bonique
1241 2671 1244 2676 .

238 2743 439 2815 consulant
454 2741 624 2821 lectores,
654 2763 815 2832 suosque
830 2744 873 2812 in
890 2769 995 2830 usus,
1022 2745 1153 2838 prouti
1166 2744 1215 2814 li.

44 2879 57 2984 ἱ
95 2903 112 2914 1-
218 2859 379 2956 Merit,
413 2887 653 2953 convertant,
694 2894 797 2964 rogo.
851 2876 930 2938 Nec
960 2895 1066 2966 aegre
1090 2879 1214 2948 ferent

236 3011 354 3092 hanc,
378 3003 665 3100 ‚promissorum
681 3001 854 3096 quidem,
881 3027 968 3075 cum
985 3005 1104 3076 adhuc
1117 3007 1215 3077 inte-

239 3168 303 3240 gra
317 3159 413 3214 esset
437 3107 637 3221 valetudo,
671 3136 1012 3210 additamentorum
1028 3164 1213 3228 meorum,

126 3261 131 3274 ’
238 3277 272 3350 si
294 3301 364 3371 qua
383 3293 451 3360 est,
467 3275 649 3343 iacturam
664 3271 810 3368 ingenii
829 3273 1109 3350 Griesbaohiani
1132 3275 1213 3350 fau-

236 3429 339 3482 tores
356 3428 393 3480 et
408 3407 662 3492 admiratores,
686 3407 751 3501 qui
767 3431 872 3482 curas
889 3410 1017 3504 magni
1032 3410 1138 3482 illius
1154 3412 1213 3482 vi-

237 3543 533 3643 riacademioas,
567 3567 647 3612 non
672 3565 771 3614 meas
788 3545 1081 3639 qualescunque,
1118 3545 1213 3616 desi·

239 3679 381 3750 derant.
448 3675 487 3746 Si
514 3677 580 3773 qui
605 3694 729 3768 autem
757 3677 857 3764 sint,
892 3679 959 3774 qui
989 3679 1211 3769 desiderent,

132 3872 135 3876 .
240 3813 386 3886 occasio
411 3809 510 3881 forte
537 3807 691 3882 offertur
718 3813 893 3906 explendi
909 3813 1021 3886 huius
1041 3814 1215 3888 desiderii

240 3949 285 4019 in
300 3946 450 4018 edendis
469 3945 562 4018 meis
581 3945 700 4041 ipsius
717 3949 909 4042 opusculis
924 3949 1140 4022 academicis
1150 3951 1215 4020 ΑΙ-

241 4080 392 4156 torfiuis
418 4099 455 4152 et
484 4082 715 4169 lenensibus,
748 4107 840 4180 quae
869 4085 1041 4160 secundis
1064 4085 1215 4185 quidem
