2724 4828
755 459 782 502 Χ

284 637 408 685 rarum
439 612 718 697 amantissimo,
760 631 963 706 earumque
979 611 1266 704 promovenda,-

282 775 367 822 rum
398 748 682 852 studiosissimo.
735 747 785 816 At
805 744 1070 830 Griesbochius,
1115 753 1264 844 ὁμακα·

283 921 390 986 ριτης,
430 884 660 979 praenimia
688 883 868 954 modestia
889 881 991 951 nihil
1015 883 1183 977 cogitans
1209 882 1262 952 de

284 1019 505 1116 colligendis
524 1011 561 1090 et
577 1015 844 1114 amplificandis
863 1017 1004 1088 libellis
1032 1017 1110 1090 suis
1128 1017 1262 1086 aeade
1302 1069 1306 1073 -

282 1155 390 1226 micis
411 1158 558 1226 nullam
582 1177 712 1228 eorum
734 1155 888 1251 reliquit
905 1154 1118 1250 congeriem
1130 1179 1141 1236 ς
1177 1176 1264 1253 quo

281 1289 423 1360 factum
439 1310 507 1376 est,
534 1311 578 1362 ut
594 1290 820 1363 Griesbachii
835 1291 964 1376 vidua,
978 1313 1097 1386 quum
1111 1307 1183 1373 me,
1214 1305 1265 1358 ut

281 1416 432 1497 libellos
450 1429 518 1498 hos
538 1427 693 1510 ederem,
721 1443 906 1521 rogasset,
942 1425 1127 1524 pusillum
1141 1422 1264 1496 modo

281 1559 502 1630 fasciculum
543 1561 907 1630 commentationum
951 1562 1044 1632 mihi
1082 1559 1261 1644 adferret,

282 1715 442 1788 quarum
467 1691 573 1796 nulla
590 1691 748 1760 ,haberet
770 1693 1048 1764 emendationes
1063 1714 1128 1764 aut
1144 1713 1267 1765 notu·

281 1831 337 1900 las
363 1853 383 1897 a
409 1828 445 1898 b.
467 1825 551 1897 Viri
574 1851 690 1896 manu
714 1825 929 1920 adspersas,
968 1816 1112 1920 praeter
1129 1853 1261 1913 unam,

282 1963 583 2059 philosophicam
610 1962 760 2057 quidem
786 1963 829 2034 de
846 1959 931 2063 fide
951 1962 1140 2046 historica,
1166 1987 1262 2062 quas

284 2099 397 2170 ctiam
419 2097 541 2167 textui
567 2115 632 2166 aut
646 2097 809 2183 inserui,
837 2115 921 2184 aut,
949 2115 1132 2193 tanquam
1143 2118 1259 2171 notu·

281 2233 356 2342 Ias,
385 2233 539 2340 subieci
590 2239 720 2328 Itaque
754 2233 1022 2328 complendum
1052 2257 1073 2303 a
1099 2253 1260 2306 mearat

279 2336 478 2465 shhlagma
496 2369 858 2442 commentationum
874 2388 958 2440 tum
983 2393 1002 2438 e
1021 2370 1113 2440 meis
1136 2371 1262 2466 ipsius

282 2505 454 2600 copiolis,
472 2523 554 2576 tuns
572 2530 659 2575 cura
677 2509 933 2590 Frommanni,
969 2505 1054 2600 qui,
1077 2529 1169 2600 quae
1195 2506 1259 2575 ad·

279 2641 544 2724 hucdeessent,
553 2641 705 2710 aliunde
715 2659 871 2732 pararet.
892 2647 993 2744 Quae
1004 2665 1121 2736 quum
1131 2641 1258 2712 omnia

279 2775 432 2846 tandem
444 2775 603 2864 pl'cneac
613 2771 777 2864 perfecte
787 2795 910 2848 essent
926 2794 1065 2866 parate,
1075 2777 1117 2846 id
1123 2778 1182 2874 egi
1192 2802 1256 2872 po·

282 2905 496 2989 tissimum,
522 2921 567 2974 ut
581 2903 753 2998 singulae
769 2906 1106 2978 commentationes
1126 2932 1257 2982 secun·

278 3037 556 3144 dumordinem
570 3017 880 3134 chronologicum
889 3032 1190 3132 disponerentur,
1199 3060 1264 3142 ate
1278 3097 1281 3107 .

183 3193 187 3219 ¹
280 3191 358 3275 que
370 3178 476 3272 prelo
490 3173 712 3246 commissae
728 3173 811 3245 sine
830 3171 935 3246 vitiis
955 3179 1255 3270 operarum,sive

280 3315 378 3384 olim
396 3313 475 3384 sive
491 3335 595 3383 nunc
614 3309 766 3382 demum
785 3309 1017 3397 commissis,
1044 3312 1250 3406 prodirent,

278 3445 447 3542 exceptis
460 3447 610 3520 ultimis
628 3445 927 3542 prolusionibus,
944 3470 1039 3542 quae
1057 3447 1136 3521 iam
1147 3465 1250 3520 antea

277 3583 370 3656 vivo
387 3565 755 3653 adhucoriesb'schie
770 3582 839 3653 sub
853 3583 1116 3658 commentarii
1131 3582 1248 3654 critici

222 3762 225 3785 ι
277 3717 321 3787 in
339 3717 542 3812 Evangelia
557 3717 743 3790 Matthaei
762 3736 799 3790 et
817 3719 940 3789 Masei
957 3719 1114 3789 nomine
1130 3718 1249 3812 denuo

277 3853 381 3946 typis
396 3850 546 3921 fucrant
561 3855 728 3924 eitcusae.
749 3841 752 3848 ¹
783 3859 904 3948 Quem
920 3853 1072 3947 quidem
1085 3855 1245 3927 labosem

170 3983 173 3990 ’
221 3998 222 4001 ’
276 4009 364 4058 sane
382 3987 582 4062 molestum
600 4013 642 4059 eo
658 3988 852 4060 lubentius
871 3989 1029 4083 suscepi,
1054 3991 1157 4086 quod
1172 4015 1243 4063 non

278 4123 401 4224 solum
427 4144 474 4192 ex
499 4123 624 4194 eadem
649 4124 693 4197 b..
710 4123 932 4198 oeiesbaotti
949 4126 1070 4222 patria
1089 4126 1180 4198 urbe
1194 4150 1241 4197 es·
