2724 4828
627 385 688 426 xtn
698 395 704 406 ¹

168 539 285 621 cirris,
296 537 328 608 si
338 535 440 606 Deus
457 537 574 608 vitam
590 532 765 634 vitesque
775 539 1013 628 concesserit,
1024 566 1141 614 emen.-

168 673 292 741 danda
313 691 424 766 atque
441 671 697 766 amplificanda
721 675 869 744 molior.
896 717 947 732 -

272 811 438 880 Primum
464 809 536 876 hoc
561 810 741 914 volumen
765 837 826 882 seae
851 814 1022 885 continet
1046 793 1143 887 com·

169 944 422 1015 mentationes
457 943 781 1031 Griesbechianas,
834 970 992 1042 quarum
1021 955 1144 1047 prima

169 1080 322 1148 exhibet
347 1083 442 1152 locos
466 1081 686 1180 theologicos
707 1109 752 1154 erc
773 1091 890 1180 Leone
905 1093 1053 1185 Magno
1073 1091 1145 1158 col·

174 1218 304 1298 lector,
338 1241 447 1310 quam
466 1217 771 1288 dissertationem
789 1219 1149 1294 historico-theolo-

171 1351 293 1447 gicam
315 1349 485 1420 defendit
506 1349 660 1418 iuvenis
684 1349 752 1416 vix
778 1352 920 1441 viginti
946 1353 1062 1423 trium
1085 1380 1148 1424 an·

167 1510 307 1556 norum
341 1485 412 1556 sub
444 1478 699 1549 moderamine
721 1487 776 1549 10.
807 1483 881 1548 Sul.
909 1485 1070 1570 Semleri,
1103 1492 1144 1559 A.

171 1613 488 1687 MDCCLXVII'I.
542 1617 630 1682 Erat
655 1629 777 1682 autem
804 1615 892 1684 haec
921 1641 1146 1696 commenta-

172 1752 265 1834 tio,¹
287 1773 377 1843 quae
400 1750 486 1842 plus
507 1773 617 1843 quam
637 1749 760 1818 decem
779 1751 947 1847 plagulas
966 1762 1140 1853 complet,

170 1884 374 1979 exquisitae
390 1883 592 1970 doctrinae,
610 1909 763 1980 magnae
777 1887 993 1982 diligentiae
1001 1912 1037 1962 et
1046 1899 1140 1970 acris

101 2094 105 2099 ,
168 2019 313 2116 ingenii
341 2020 446 2091 testis
473 2019 813 2114 locupletissimus,
849 2023 930 2094 sive
955 2010 1074 2120 ipsam
1098 2031 1141 2102 in

167 2169 275 2224 textu
301 2156 382 2249 ipso
404 2157 688 2243 tractationem,
727 2159 806 2228 sive
832 2177 940 2231 notas
959 2164 1142 2240 subiectas

168 2309 334 2384 spectes3
354 2279 359 2287 ¹
376 2309 485 2386 atque
513 2294 580 2361 hae
605 2293 794 2387 primitiae
830 2295 909 2366 eius
940 2296 1015 2366 iam
1040 2276 1144 2372 erant
1243 2297 1247 2305 ⁴

169 2427 334 2520 generis,
386 2445 429 2498 ut
465 2423 609 2498 certum
642 2421 844 2522 proderent
877 2429 1025 2504 futurae
1061 2437 1144 2505 Viri

167 2563 442 2656 magnitudinis
477 2563 688 2654 augurium.
759 2569 882 2630 Nemo
908 2567 1029 2647 enim,
1082 2570 1148 2660 qui

171 2695 376 2762 historiam
390 2667 612 2783 dogmatum
632 2689 920 2760 christianorum
943 2700 1147 2774 accuratius

115 2892 118 2901 s
172 2825 405 2920 perscrutari
422 2824 525 2907 velit,
553 2823 696 2918 egregia
718 2824 785 2894 hac
801 2827 968 2917 symbola
987 2857 1032 2902 ex
1052 2841 1146 2908 Leo·

170 2961 235 3031 nis
263 2965 319 3030 M.
347 2959 439 3030 locis
467 2959 688 3054 theologicis
708 2985 828 3067 carere
843 2983 987 3058 potest,
1022 2973 1145 3071 iisque

169 3122 219 3166 ex
241 3095 411 3190 epistolis
439 3112 476 3162 et
500 3095 735 3184 sermonibus
749 3077 864 3171 'illius
879 3103 981 3188 Viri,
1017 3113 1144 3178 ortho-

172 3232 305 3300 doxiae
338 3231 397 3299 in*
421 3227 572 3299 ecclesia
598 3227 714 3296 latina
738 3231 1008 3304 studiosissimi
1035 3263 1074 3310 ac
1094 3262 1146 3312 tc.

131 3345 133 3352 ,
175 3365 390 3450 nacissimi,
426 3382 503 3433 tam
523 3378 691 3434 accurate
713 3361 878 3436 collectis
905 3369 1028 3440 etrite
1046 3350 1144 3473 diga.

142 3523 149 3574 ζ
174 3482 243 3575 siis
265 3527 304 3572 ac
322 3497 540 3582 illustratis,
575 3516 618 3567 ut
634 3514 713 3566 tota
734 3498 976 3576 orthodoxiae
991 3509 1140 3604 latinae,

177 3635 481 3734 quinto'.quidem
499 3657 536 3726 p.
553 3637 648 3701 G.N.
667 3635 825 3718 saecule,
845 3635 987 3714 indoles
1004 3671 1044 3716 ac
1062 3649 1141 3720 for-

170 3797 235 3844 ma
260 3774 370 3866 plane
395 3766 515 3863 possit
538 3789 583 3835 ex
603 3769 669 3836 ha'c
686 3769 946 3845 dissertatione
964 3777 1139 3882 intelligi.

177 3905 391 3978 Dolentlum
415 3903 528 3973 modo
552 3920 618 3988 est,
662 3903 924 3980 Griesbaclrium
947 3911 1141 3996 brevitatis

180 4041 303 4134 studio
330 4039 510 4146 ductum,
538 4063 624 4140 cum
647 4037 735 4123 haec
752 4041 960 4124 dissertatio
974 4049 1067 4128 fines
1083 4073 1136 4128 ta-
