2724 4828
795 430 831 474 tv

330 575 803 662 Moene-Fraucofurtani
826 583 949 674 (antea
975 579 1158 656 Gissensis
1177 601 1210 654 et
1226 588 1292 655 Bu-

331 720 583 808 tisbacensis),
620 719 693 791 viri
717 719 949 813 integerrimi
968 738 1005 788 vet
1031 745 1099 814 pro
1122 721 1292 815 temporis

331 859 476 928 ratione
490 857 584 926 bene
604 854 706 924 docti
726 873 834 949 atque
858 853 968 924 editis
985 858 1184 926 nonnullis
1201 881 1293 927 scee-

331 995 377 1079 ri,
405 1001 457 1065 lo.
482 991 606 1067 Iacchi
629 989 853 1075 Rambachiz',
882 993 1062 1088 Theologi
1082 993 1297 1063 Halensiset

272 1208 276 1216 ,
334 1129 519 1202 Gissensis
538 1125 781 1210 celeberrimi,
798 1123 905 1197 libris
926 1127 1184 1222 haudirrclari,
1205 1127 1295 1197 eius·

333 1291 405 1363 que
432 1263 615 1358 coniugis,
642 1261 878 1346 Rambachii,
900 1264 1153 1357 «praeceptoris
1172 1283 1207 1332 et
1224 1261 1299 1332 fau·

334 1401 441 1485 toria,
469 1399 579 1482 filiae,
605 1415 796 1466 matronae
817 1399 1007 1469 erectioris
1028 1359 1179 1484 indolis,
1216 1424 1311 1492 quae.

335 1537 436 1605 inter
470 1529 630 1598 feminas
656 1531 798 1618 patriae
830 1529 1036 1623 ingenii'et
1061 1512 1247 1606 doctrinae
1265 1533 1305 1602 vi

333 1667 537 1748 emineret,
573 1677 685 1754 atque
703 1662 909 1731 multarum
923 1687 1069 1750 rerum,
1106 1671 1217 1738 etiam
1234 1668 1306 1737 lin-

337 1823 513 1900 guarum,
552 1819 699 1892 graecae
729 1813 769 1864 et
803 1796 960 1880 latinae,
997 1800 1148 1890 peritae.
1202 1805 1306 1872 Tales

337 1954 508 2035 parentes
535 1950 571 2001 et
593 1931 703 2026 probi
731 1949 769 2000 et
793 1931 867 2024 ipsi
890 1932 999 2002 boriis
1024 1931 1163 2003 nutriti
1189 1936 1308 2008 literis

278 2153 285 2162 ,
313 2117 315 2122 -
338 2092 419 2146 non
436 2081 706 2166 poterant'non
727 2066 776 2135 de
795 2065 874 2136 filio
897 2068 1010 2137 unico
1029 2088 1126 2138 recte
1143 2068 1309 2140 forman·

341 2211 389 2283 do
407 2205 609 2278 admodum
625 2190 885 2330 esse-solliciti,
913 2223 1040 2300 atque,
1066 2233 1163 2330 ’cum
1178 2231 1233 2276 res
1252 2231 1313 2276 eo-

331 2355 428 2418 'tum
442 2341 615 2413 lautioris
637 2357 759 2411 essent
777 2337 1028 2429 conditioniS,
1056 2344 1173 2412 nullis
1192 2367 1315 2436 parce-

333 2477 381 2552 're
399 2479 607 2564 sumtibus,
650 2501 723 2572 quo
754 2501 877 2547 novus
911 2479 1020 2572 quasi
1052 2479 1135 2547 orbi
1165 2479 1318 2549 literato

258 2619 263 2630 ’
339 2616 555 2689 redderetur
583 2613 849 2690 Ramdachius;
892 2614 954 2684 sed
981 2616 1065 2708 plus
1089 2611 1210 2684 effecit
1230 2638 1319 2684 cura

342 2767 543 2848 parantum
568 2747 693 2813 adiuta
714 2749 865 2839 quidem
890 2768 1078 2835 enatura,
1109 2736 1227 2844 'eruam
1241 2775 1321 2818 ma-

342 2885 446 2954 xime
468 2877 667 2950 fautricem
686 2875 817 2948 uactus
843 2895 936 2947 esset
965 2881 1076 2949 filius.
1130 2891 1229 2950 Nam
1257 2909 1323 2952 ne·

344 3039 414 3114 pos
436 3023 491 3090 10.
521 3010 677 3086 Iacobus
703 3009 950 3082 Griesbachius
966 3013 1235 3086 'maioraevasit
1252 3042 1323 3086 avo

346 3162 402 3228 10.
436 3147 571 3224 Iac'obo
596 3145 830 3228 Rumbac'hiu
893 3147 1003 3216 Iactis
1026 3123 1323 3224 venimfeliciter

345 3289 563 3387 linguarum
581 3282 909 3376 doctrinarumque
925 3281 1193 3371 fundamentis,
1211 3305 1323 3380 atque

346 3425 441 3494 bene
458 3419 622 3516 haustis,
650 3419 785 3514 quibus
806 3436 901 3488 aetas
922 3419 1102 3494 iuvenilis
1123 3409 1323 3494 in'scholis

350 3557 540 3654 impertiri
564 3557 670 3641 solet,
698 3556 892 3624 literarum
909 3555 1207 3652 elementis,per
1227 3558 1323 3628 inte·

347 3711 460 3790 ‘grum
482 3689 559 3762 iere
573 3709 716 3786 septem
732 3714 916 3760 annorum
944 3693 1106 3785 spatium
1130 3693 1170 3762 in
1198 3694 1323 3764 tribus

314 3851 317 3856 ·
350 3827 566 3912 academiis,
602 3826 852 3922 Tubiugensi,
888 3826 1043 3898 Halensi
1062 3845 1099 3896 et
1115 3828 1323 3921 Lipsiensi,

352 3965 497 4036 scholas
537 3964 816 4058 Theologorum
849 3961 1081 4055 aliorumque
1124 3961 1323 4033 doctorum

173 4131 176 4155 ·
203 4139 206 4146 .
351 4115 436 4174 tum
452 4100 631 4204 temporis
649 4097 975 4172 celeberrimorum
988 4097 1041 4170 ita
1051 4096 1323 4198 frequentavit,
