2724 4828
606 473 641 516 tx

114 609 157 680 bi
187 611 341 708 iinponi
369 639 497 710 passus
520 640 633 707 esset,
669 649 778 720 quam
798 651 888 724 quas
910 631 955 699 ab
986 631 1096 706 initio

112 737 315 820 habendas
331 749 405 821 sibi
422 759 622 830 sumsisset.

224 887 282 954 Eo
311 886 464 960 maioris
495 910 619 963 autem
655 885 769 990 pretii
799 901 985 972 habendae
1008 923 1099 976 sunt

34 1091 38 1103 k
104 1019 362 1110 prolusiones
384 1025 606 1098 academicae
629 1032 710 1103 Viri
732 1040 888 1122 summi,
929 1039 1030 1134 quod
1056 1039 1096 1114 in

105 1149 164 1222 iis
187 1154 281 1225 solia
299 1157 446 1251 publica
463 1181 592 1235 extant
607 1171 784 1264 egregiae,
813 1198 925 1266 quam
948 1199 1034 1268 prae
1052 1200 1090 1248 se

12 1308 17 1321 ·
107 1283 284 1375 ferebat,
333 1319 518 1392 quamque
547 1301 590 1368 in
618 1301 758 1374 scholis
781 1306 827 1374 ud
856 1309 956 1374 vitae
980 1331 1098 1402 usquo

107 1419 238 1493 finem
246 1451 332 1498 cum
345 1434 480 1522 plausu
492 1431 707 1500 auditorum
715 1433 972 1524 profitebatur,
985 1441 1101 1509 scien·

107 1557 193 1628 tiae
209 1561 417 1634 historicae
439 1580 477 1630 et
498 1563 701 1654 exegeticae
724 1563 955 1640 documenta.
1009 1577 1096 1644 Pro·

10 1712 17 1775 .'
109 1709 200 1762 stat
225 1692 375 1788 quidem
397 1697 440 1764 in
460 1694 798 1770 tabernislibrariis
816 1703 987 1776 collectio
1007 1733 1092 1802 pro-

11 1854 17 1927 f
105 1845 367 1922 grammatum
390 1833 724 1932 pentec'ostalium‚
757 1859 964 1933 eorumque
989 1844 1090 1914 criti·

107 1963 149 2030 ci
166 1965 386 2057 argumenti,
415 1965 459 2034 ab
475 1990 574 2036 armo
590 1969 680 2038 inde
694 1975 939 2065 nonagesimo
958 1997 1091 2068 quarto

12 2090 17 2099 '
106 2099 309 2192 praeteriti
325 2099 463 2170 saeculi
481 2103 525 2172 ad
551 2103 794 2176 undecimum
817 2105 929 2197 hujus
952 2114 1090 2182 saeculi

107 2257 276 2320 annum,
306 2235 450 2307 duabus
467 2239 661 2331 particulis
678 2243 964 2335 comprehensa,
999 2265 1091 2348 qnae

14 2442 18 2453 ,
105 2371 429 2442 commentarium
443 2373 615 2446 criticum
634 2373 677 2444 in
691 2359 1107 2472 Evangelialllattll'adi'

107 2521 148 2571 et
192 2508 312 2578 Marci
354 2508 574 2592 continent;
628 2509 702 2594 sed,
738 2536 830 2604 quae
853 2529 1092 2598 antecessere,

66 2673 70 2677 ·
107 2642 297 2730 opuscula
322 2639 529 2708 academica
550 2631 724 2707 nondum
748 2659 840 2708 sunu
858 2643 1021 2708 iunctim
1037 2663 1095 2732 ty.

103 2773 175 2866 pis
201 2793 349 2842 excusa.
404 2773 506 2860 Quae
534 2791 649 2858 quum
671 2765 929 2867 singula'post
947 2789 1095 2856 tantum

107 2903 298 2996 temporis
316 2899 559 2971 intervallum
577 2923 681 2998 aegre
704 2927 806 2990 nunc
828 2881 977 3000 possint
991 2935 1092 2986 com·

1 3031 2 3036 ’
108 3039 257 3134 parari,
292 3055 402 3130 atque
422 3037 608 3106 nonnulla
625 3037 737 3108 modo
754 3040 795 3110 in
811 3049 1089 3136 promtuarium

71 3235 73 3238 .
110 3173 336 3257 libellorum
360 3170 655 3262 academicorum
672 3173 716 3240 ab
727 3181 917 3248 Kuirzoelio
937 3181 1091 3274 eiusque

110 3308 227 3380 soci—is
256 3307 399 3378 editum
423 3309 501 3378 sint
525 3321 689 3399 recepte,
722 3311 892 3402 qrramvis
919 3314 1090 3388 omniaa

111 3442 210 3514 viris
239 3443 358 3514 doctis
394 3439 522 3536 magni
545 3441 808 3512 aestimentur:
838 3445 1092 3536 possidendae

111 3579 282 3674 integrae
301 3579 442 3648 horum·
461 3578 731 3669 opusculorum
756 3579 987 3656 collectionis
1019 3586 1089 3654 nris
1116 3627 1119 3633 ι

113 3736 202 3786 rum
236 3737 317 3782 non
354 3731 410 3784 ast
435 3711 634 3810 permultis
661 3731 814 3783 enatum
832 3709 976 3802 fuisse,
1011 3719 1089 3792 imo

117 3849 239 3945 palam
279 3845 533 3942 significatum
566 3847 812 3932 desiderium3
853 3851 915 3922 cui
938 3853 1089 3928 tandem

119 3985 230 4054 cessit
250 3983 286 4052 b.
320 3981 537 4056 Griesbuclu'i
557 3985 699 4070 vidua„
715 4003 884 4056 matrona
903 3985 1089 4060 honestis-

63 4204 65 4212 !
116 4116 223 4202 sima,
250 4117 618 4214 redemtorequidem
628 4127 886 4206 marcinanno,
913 4123 1091 4195 virolite⁴
