2724 4828
608 425 661 468 vn

78 663 80 674 Β
126 592 425 671 terpretaretur.
451 589 503 630 ·'-·
552 579 683 672 Itaque
698 577 826 648 omnia
844 577 931 650 viro
947 579 1058 652 docto
1073 606 1121 658 ex

69 757 72 798 4
124 731 238 784 voto
278 728 511 795 evenerunt,
563 729 609 782 et¹
630 710 738 782 brevi
771 713 925 808 quidem
954 734 1124 813 tempore

65 877 68 940 g
123 871 320 944 magnam
354 847 521 918 nominis
564 847 819 924 celebritatem
856 850 1013 946 adeptus
1050 871 1123 927 est.

63 1043 64 1048 ,
125 989 248 1079 Quae
273 985 368 1054 laeta
392 983 482 1056 Viro
507 1007 587 1056 sors
612 1008 694 1056 non
715 983 847 1072 facile,
889 988 1023 1058 saltem
1042 1011 1124 1060 non

12 1137 17 1143 ·
62 1111 63 1118 '
122 1118 334 1206 ramiro,
359 1119 581 1217 obtigisset,
614 1120 691 1192 nisi
722 1121 871 1218 ingenii
895 1121 1125 1218 praestantia

62 1265 64 1286 ”
125 1279 273 1326 rerum
289 1274 530 1327 externarum
546 1257 837 1351 prosperitatem
849 1259 1064 1330 adiunctam
1075 1257 1128 1330 si·

59 1437 60 1446 η
94 1464 96 1470 ,
126 1387 180 1458 bi
209 1391 400 1463 habuisset
424 1403 508 1462 tani
522 1389 923 1479 fidemetperpetuam
939 1392 1130 1477 comitem,

19 1506 22 1521 .
126 1541 202 1611 ut,
237 1527 380 1621 quibus
405 1546 508 1615 opus
529 1537 642 1601 esset,
670 1518 721 1590 ad
747 1517 885 1587 itinere
904 1522 960 1588 rei
978 1524 1130 1637 criti*

18 1656 23 1667 '
125 1657 428 1753 promovendae
457 1676 562 1725 etuse
592 1651 843 1738 instituenda,
878 1673 1026 1729 sumtus
1053 1660 1127 1732 im.

15 1825 21 1877 1
129 1792 308 1893 pendere
332 1807 478 1886 posset,
521 1805 634 1883 atque
657 1807 804 1882 semper
819 1789 990 1877 haberet,
1024 1793 1127 1866 unda

130 1949 320 2022 magnam
361 1924 550 1996 librorum
582 1924 819 2018 optimorum
845 1929 1125 2020 supellectilem

130 2061 219 2134 sibi
243 2083 455 2155 comparare
489 2078 635 2154 posset,
677 2059 812 2154 nilque
842 2085 932 2134 sane
965 2061 1125 2150 deesset,

17 2226 23 2241 ·
132 2196 246 2294 quod
262 2197 306 2266 in
324 2195 595 2290 prosequendis
611 2196 749 2275 studiis
767 2196 912 2270 divinis
929 2198 1125 2271 humanis·

131 2356 216 2429 que
234 2331 395 2404 eundem
411 2331 580 2425 maxime
595 2330 821 2406 sublevaret.
856 2331 965 2404 Unde
980 2331 1124 2426 factum

126 2486 223 2554 est,
248 2485 312 2554 ut,
340 2467 524 2564 quicquid
539 2468 741 2552 scriberet,
765 2491 810 2539 eo
827 2469 961 2540 saltem
976 2485 1125 2558 tempo·

15 2666 18 2677 .
132 2629 204 2689 re,
239 2627 316 2699 quo
341 2602 533 2684 scriberet,
560 2603 751 2692 optimum
775 2601 820 2670 in
833 2625 902 2672 suo
922 2623 1055 2692 genere
1070 2621 1126 2671 es·

112 2759 115 2765 “
136 2755 216 2810 set.
270 2741 395 2828 Quare
411 2732 522 2802 valde
539 2726 744 2798 dolendum
760 2741 828 2810 est,
855 2726 970 2795 talem
988 2725 1129 2814 vinna,

69 2831 72 2916 ¹*
113 2871 117 2878 ’
136 2869 213 2967 qui
223 2867 400 2937 omnibus
416 2859 609 2932 doctrinae
623 2860 856 2957 theologicae
863 2861 1060 2956 praesidiis
1069 2887 1126 2935 ra-

136 3008 195 3080 tis
209 3001 382 3073 munitus
402 3021 554 3072 omnem
568 3019 649 3068 rem
661 2997 931 3095 theologicam,
944 2998 1122 3094 inprimis

141 3137 369 3213 historicam
388 3153 425 3206 et
448 3133 700 3230 exegeticam,
734 3135 869 3206 eximie
893 3159 1118 3228 promovere

141 3275 346 3374 potuisset,
363 3288 423 3343 tot
437 3268 633 3363 tantisque
647 3265 732 3336 aliia
748 3267 913 3358 negotiis
924 3289 965 3336 ac
982 3265 1121 3338 labori·
1204 3331 1210 3344 ‚

128 3414 236 3497 bus,
269 3409 392 3504 iisque
413 3432 436 3479 a
458 3400 603 3477 studiis'
618 3399 843 3495 theologicis
863 3401 979 3494 longe
999 3399 1121 3472 diver·

85 3605 87 3617 .
143 3545 306 3619 sissimis
334 3537 426 3613 adeo
438 3541 619 3612 obrutum
638 3535 758 3608 fuisse
772 3553 883 3630 atque
898 3534 1120 3620 distentum,

141 3699 190 3756 ut
213 3680 316 3751 nihil
331 3695 486 3750 restaret
501 3673 703 3769 temporis,
743 3671 846 3768 quod
861 3670 906 3740 ad
925 3669 1119 3766 proferen-

142 3819 212 3889 dos
229 3834 266 3886 et
281 3811 563 3909 amplificandos
580 3809 773 3920 doctrinae
785 3803 1117 3902 theologicaelines

145 3957 187 4026 in
203 3949 441 4024 illustrandis
454 3966 492 4018 et
506 3941 922 4041 emendandis-singulis
938 3940 1043 4012 illius
1061 3963 1119 4012 ca·

138 4089 554 4184 pitibuoconsumerat.
595 4083 778 4154 Multum
798 4078 951 4190 quidem
972 4071 1120 4171 profuit
