2724 4828
554 481 597 528 ‚t

9 602 16 647 ³
84 645 125 698 ut
142 607 379 700 universum
394 628 588 702 literarum
604 630 944 730 doctrinarumque,
967 654 1069 733 prae·-

9 854 14 873 ι
81 765 226 834 sertim
256 766 492 850 divinarum,
536 767 1067 868 ambitumkcomplectcrctur.

80 901 278 993 Inprimis
309 909 368 976 tot
403 903 538 974 Selom.
579 875 732 976 Senzleri
757 906 1000 980 institutione
1033 930 1071 980 et

78 1037 378 1122 consuetudine,
406 1056 516 1133 atque
533 1058 700 1110 accurate
717 1043 880 1138 cognitis
896 1045 1003 1117 illius
1022 1047 1070 1116 li-

1 1112 16 1139 'l

76 1170 165 1242 bris
199 1195 240 1242 se
265 1190 389 1242 totum
408 1174 510 1243 dedit
525 1175 650 1251 studio
668 1194 753 1246 tum
776 1178 955 1253 historiae
972 1183 1070 1252 chri-

78 1461 192 1512 recte
215 1444 487 1514 constituendi.
540 1444 792 1534 Quamobrem
807 1443 927 1514 linitis
941 1449 1076 1518 studiis

77 1579 315 1650 academicis
331 1602 398 1670 per
414 1572 612 1644 biennium
629 1575 947 1670 peregrinationes
963 1579 1076 1652 insti.

75 1712 196 1796 tuit,
232 1735 313 1780 non
336 1709 459 1778 solum
483 1732 556 1801 quo
579 1707 689 1780 urbes
706 1711 952 1806 hominesque
967 1715 1075 1788 vide*

2 1332 16 1789 ¹
78 1307 258 1392 stianae,
287 1326 370 1377 tum
392 1325 520 1380 textus
558 1327 596 1379 et
625 1333 755 1382 sensus
777 1315 882 1380 Novi
899 1316 1073 1386 Foederis

9 1800 16 1881 i

9 1886 17 1947 l

76 1864 163 1930 ret,
206 1844 270 1914 sed
284 1841 411 1936 potius
435 1859 478 1910 ut
499 1843 642 1916 codices
663 1851 710 1916 N.
728 1853 772 1916 T.
790 1850 1069 1954 manuscriptos

78 1979 297 2074 inspiceret
305 1995 342 2046 et
357 1978 458 2049 inter
468 1977 714 2067 seconferret,
727 1999 837 2078 atque
854 1984 1068 2054 examinan-

10 2116 20 2237 ἰ
82 2117 147 2186 dis
176 2114 293 2186 variis
317 2100 425 2187 codd.v
442 2115 668 2212 lectionibus
692 2118 862 2190 criticam
879 2118 953 2190 sibi
970 2144 1073 2190 com-

11 2240 19 2377 ἱ
82 2267 240 2346 pararet
266 2247 497 2322 facultatem.
556 2253 665 2346 Quod
687 2253 839 2348 quidem
866 2255 1073 2327 consilium

1 2412 20 2497 ·;
80 2405 168 2460 tam
188 2383 349 2454 feliciter
364 2384 521 2479 perfecit
539 2387 581 2458 in
598 2388 735 2483 Anglia
752 2407 791 2460 et
811 2381 950 2474 Gallia,⁴
967 2359 1078 2458 adiu·¹

85 2498 153 2594 tus
181 2521 402 2616 praesertim
416 2541 500 2602 tum
527 2522 625 2593 miro
649 2525 798 2618 ingenii
824 2523 995 2593 acumine
1021 2541 1077 2590 at·

87 2681 163 2752 que
190 2655 386 2730 iudicandi
412 2653 601 2738 sollertia,
634 2674 720 2723 tum
740 2655 1006 2720 benevolentia
1017 2655 1076 2720 vi-

87 2814 230 2862 rorum
258 2789 482 2864 doctorum,
526 2783 589 2874 qui
614 2781 647 2850 ci
670 2780 858 2876 aperirent
881 2783 1076 2856 thesauros

87 2921 413 2996 bibliothecarum
434 2916 757 3004 Londinensium‚
783 2919 1100 3008 (tranianum,-

9 3040 12 3046 ¹
94 3052 462 3150 Cantabrigiensium
479 3070 515 3122 et
525 3053 790 3141 Peucinorum,
808 3073 852 3128 ut
861 3056 995 3128 Halam
1004 3057 1072 3127 vix

96 3173 138 3264 ex
159 3194 298 3264 itinere
316 3213 487 3260 reversus
508 3211 648 3257 novam
665 3189 753 3261 crisi
776 3197 824 3260 N.
844 3197 889 3260 Τ.
910 3191 1074 3282 speciem

98 3329 291 3410 indueret,
327 3342 365 3393 et
389 3323 489 3392 haud
511 3322 566 3391 ita
582 3321 707 3389 multo
722 3339 811 3415 post
827 3322 869 3390 in
888 3347 928 3390 re
946 3323 1075 3392 critica

99 3469 143 3534 N.
167 3469 214 3536 Τ.
227 3472 442 3562 praeceptor
454 3455 672 3528 Germaniae
688 3456 870 3526 evaderet.
923 3457 1074 3528 Etenim

103 3595 174 3669 iam
206 3599 251 3668 Α.
285 3599 550 3666 MDCCLXXI
577 3593 619 3664 in
645 3591 918 3676 dissertatione,
955 3593 997 3664 de
1016 3615 1074 3663 co·

105 3734 233 3806 ficibus
251 3745 408 3827 quatuor
428 3729 716 3836 Evangeliorum
742 3714 981 3826 Ονίςεηιίτηὶε,Ι
1003 3711 1085 3822 pro*

107 3865 334 3964 impetranda
355 3864 465 3934 venia
488 3861 645 3933 docendi
661 3862 812 3972 publice
828 3861 1074 3958 ventilatata-

110 4001 140 4069 le
166 4001 339 4073 exhibuit
374 3999 544 4092 copiosae
579 4017 616 4067 et
639 4015 826 4069 accuratae
852 3995 1075 4067 eruditionis

111 4139 252 4209 criticae
278 4159 365 4208 cum
389 4133 536 4230 ingenti
561 4133 707 4230 ingenii
728 4133 899 4206 acumine
918 4130 1075 4202 coniun-
